@article{costeira1998multibody,
  title={A multibody factorization method for independently moving objects},
  author={Costeira, Jo{\~a}o Paulo and Kanade, Takeo},
  journal={International Journal of Computer Vision},
  volume={29},
  number={3},
  pages={159--179},
  year={1998},
  publisher={Springer}
}

@article{basri2003lambertian,
  title={Lambertian reflectance and linear subspaces},
  author={Basri, Ronen and Jacobs, David W},
  journal={Pattern Analysis and Machine Intelligence, IEEE Transactions on},
  volume={25},
  number={2},
  pages={218--233},
  year={2003},
  publisher={IEEE}
}

@article{eriksson2011high,
  title={High-rank matrix completion and subspace clustering with missing data},
  author={Eriksson, Brian and Balzano, Laura and Nowak, Robert},
  journal={arXiv preprint arXiv:1112.5629},
  year={2011}
}

@article{zhang2012guess,
  title={Guess who rated this movie: Identifying users through subspace clustering},
  author={Zhang, Amy and Fawaz, Nadia and Ioannidis, Stratis and Montanari, Andrea},
  journal={arXiv preprint arXiv:1208.1544},
  year={2012}
}

@article{chen2014clustering,
  title={Clustering partially observed graphs via convex optimization},
  author={Chen, Yudong and Jalali, Ali and Sanghavi, Sujay and Xu, Huan},
  journal={The Journal of Machine Learning Research},
  volume={15},
  number={1},
  pages={2213--2238},
  year={2014},
  publisher={JMLR. org}
}

@article{bradley2000k,
  title={k-Plane clustering},
  author={Bradley, Paul S and Mangasarian, Olvi L},
  journal={Journal of Global Optimization},
  volume={16},
  number={1},
  pages={23--32},
  year={2000},
  publisher={Springer}
}

@article{tseng2000nearest,
  title={Nearest q-flat to m points},
  author={Tseng, Paul},
  journal={Journal of Optimization Theory and Applications},
  volume={105},
  number={1},
  pages={249--252},
  year={2000},
  publisher={Springer}
}

@article{vidal2005generalized,
  title={Generalized principal component analysis (GPCA)},
  author={Vidal, Rene and Ma, Yi and Sastry, Shankar},
  journal={Pattern Analysis and Machine Intelligence, IEEE Transactions on},
  volume={27},
  number={12},
  pages={1945--1959},
  year={2005},
  publisher={IEEE}
}

@inproceedings{costeira1995multi,
  title={A multi-body factorization method for motion analysis},
  author={Costeira, Joao Paulo and Kanade, Takeo},
  booktitle={Computer Vision, 1995. Proceedings., Fifth International Conference on},
  pages={1071--1076},
  year={1995},
  organization={IEEE}
}

@article{chen2009spectral,
  title={Spectral curvature clustering (SCC)},
  author={Chen, Guangliang and Lerman, Gilad},
  journal={International Journal of Computer Vision},
  volume={81},
  number={3},
  pages={317--330},
  year={2009},
  publisher={Springer}
}

@inproceedings{lauer2009spectral,
  title={Spectral clustering of linear subspaces for motion segmentation},
  author={Lauer, Fabien and Schn{\"o}rr, Christoph},
  booktitle={Computer Vision, 2009 IEEE 12th International Conference on},
  pages={678--685},
  year={2009},
  organization={IEEE}
}

@inproceedings{rao2008motion,
  title={Motion segmentation via robust subspace separation in the presence of outlying, incomplete, or corrupted trajectories},
  author={Rao, Shankar R and Tron, Roberto and Vidal, Ren{\'e} and Ma, Yi},
  booktitle={Computer Vision and Pattern Recognition, 2008. CVPR 2008. IEEE Conference on},
  pages={1--8},
  year={2008},
  organization={IEEE}
}

@incollection{yan2006general,
  title={A general framework for motion segmentation: Independent, articulated, rigid, non-rigid, degenerate and non-degenerate},
  author={Yan, Jingyu and Pollefeys, Marc},
  booktitle={Computer Vision--ECCV 2006},
  pages={94--106},
  year={2006},
  publisher={Springer}
}

@article{liu2013robust,
  title={Robust recovery of subspace structures by low-rank representation},
  author={Liu, Guangcan and Lin, Zhouchen and Yan, Shuicheng and Sun, Ju and Yu, Yong and Ma, Yi},
  journal={Pattern Analysis and Machine Intelligence, IEEE Transactions on},
  volume={35},
  number={1},
  pages={171--184},
  year={2013},
  publisher={IEEE}
}

@inproceedings{liu2010robust,
  title={Robust Subspace Segmentation by Low-Rank Representation.},
  author={Liu, Guangcan and Lin, Zhouchen and Yu, Yong},
  booktitle={ICML},
  pages={663--670},
  year={2010}
}

@inproceedings{elhamifar2009sparse,
  title={Sparse subspace clustering},
  author={Elhamifar, Ehsan and Vidal, Ren{\'e}},
  booktitle={Computer Vision and Pattern Recognition, 2009. CVPR 2009. IEEE Conference on},
  pages={2790--2797},
  year={2009},
  organization={IEEE}
}

@article{elhamifar2013sparse,
  title={Sparse subspace clustering: Algorithm, theory, and applications},
  author={Elhamifar, Ehsan and Vidal, Rene},
  journal={Pattern Analysis and Machine Intelligence, IEEE Transactions on},
  volume={35},
  number={11},
  pages={2765--2781},
  year={2013},
  publisher={IEEE}
}

@inproceedings{tron2007benchmark,
  title={A benchmark for the comparison of 3-d motion segmentation algorithms},
  author={Tron, Roberto and Vidal, Ren{\'e}},
  booktitle={Computer Vision and Pattern Recognition, 2007. CVPR'07. IEEE Conference on},
  pages={1--8},
  year={2007},
  organization={IEEE}
}

@article{ng2002spectral,
  title={On spectral clustering: Analysis and an algorithm},
  author={Ng, Andrew Y and Jordan, Michael I and Weiss, Yair and others},
  journal={Advances in neural information processing systems},
  volume={2},
  pages={849--856},
  year={2002},
  publisher={MIT; 1998}
}

@inproceedings{wang2013provable,
  title={Provable subspace clustering: When LRR meets SSC},
  author={Wang, Yu-Xiang and Xu, Huan and Leng, Chenlei},
  booktitle={Advances in Neural Information Processing Systems},
  pages={64--72},
  year={2013}
}

@inproceedings{zhuang2012non,
  title={Non-negative low rank and sparse graph for semi-supervised learning},
  author={Zhuang, Liansheng and Gao, Haoyuan and Lin, Zhouchen and Ma, Yi and Zhang, Xin and Yu, Nenghai},
  booktitle={Computer Vision and Pattern Recognition (CVPR), 2012 IEEE Conference on},
  pages={2328--2335},
  year={2012},
  organization={IEEE}
}

@article{patel2015latent,
  title={Latent space sparse and low-rank subspace clustering},
  author={Patel, Vishal M and Van Nguyen, Hien and Vidal, Rene},
  journal={Selected Topics in Signal Processing, IEEE Journal of},
  volume={9},
  number={4},
  pages={691--701},
  year={2015},
  publisher={IEEE}
}

@inproceedings{lu2013correlation,
  title={Correlation adaptive subspace segmentation by trace lasso},
  author={Lu, Canyi and Feng, Jiashi and Lin, Zhouchen and Yan, Shuicheng},
  booktitle={Proceedings of the IEEE International Conference on Computer Vision},
  pages={1345--1352},
  year={2013}
}

@article{candes2008enhancing,
  title={Enhancing sparsity by reweighted â„“ 1 minimization},
  author={Candes, Emmanuel J and Wakin, Michael B and Boyd, Stephen P},
  journal={Journal of Fourier analysis and applications},
  volume={14},
  number={5-6},
  pages={877--905},
  year={2008},
  publisher={Springer}
}

@inproceedings{pham2012improved,
  title={Improved subspace clustering via exploitation of spatial constraints},
  author={Pham, Duc-Son and Budhaditya, Saha and Phung, Dinh and Venkatesh, Svetha},
  booktitle={Computer Vision and Pattern Recognition (CVPR), 2012 IEEE Conference on},
  pages={550--557},
  year={2012},
  organization={IEEE}
}

@inproceedings{feng2014robust,
  title={Robust subspace segmentation with block-diagonal prior},
  author={Feng, Jiashi and Lin, Zhouchen and Xu, Huan and Yan, Shuicheng},
  booktitle={Proceedings of the IEEE Conference on Computer Vision and Pattern Recognition},
  pages={3818--3825},
  year={2014}
}

@incollection{yuan2014sparse,
  title={Sparse additive subspace clustering},
  author={Yuan, Xiao-Tong and Li, Ping},
  booktitle={Computer Vision--ECCV 2014},
  pages={644--659},
  year={2014},
  publisher={Springer}
}

@article{yuan2012visual,
  title={Visual classification with multitask joint sparse representation},
  author={Yuan, Xiao-Tong and Liu, Xiaobai and Yan, Shuicheng},
  journal={Image Processing, IEEE Transactions on},
  volume={21},
  number={10},
  pages={4349--4360},
  year={2012},
  publisher={IEEE}
}

@inproceedings{heckel2013noisy,
  title={Noisy subspace clustering via thresholding},
  author={Heckel, Reinhard and Bolcskei, Helmut},
  booktitle={Information Theory Proceedings (ISIT), 2013 IEEE International Symposium on},
  pages={1382--1386},
  year={2013},
  organization={IEEE}
}

@inproceedings{ding2006r,
  title={R 1-PCA: rotational invariant L 1-norm principal component analysis for robust subspace factorization},
  author={Ding, Chris and Zhou, Ding and He, Xiaofeng and Zha, Hongyuan},
  booktitle={Proceedings of the 23rd international conference on Machine learning},
  pages={281--288},
  year={2006},
  organization={ACM}
}

@article{soltanolkotabi2012geometric,
  title={A geometric analysis of subspace clustering with outliers},
  author={Soltanolkotabi, Mahdi and Candes, Emmanuel J},
  journal={The Annals of Statistics},
  pages={2195--2238},
  year={2012},
  publisher={JSTOR}
}

@book{ledoux2005concentration,
  title={The concentration of measure phenomenon},
  author={Ledoux, Michel},
  number={89},
  year={2005},
  publisher={American Mathematical Soc.}
}

@article{ball1997elementary,
  title={An elementary introduction to modern convex geometry},
  author={Ball, Keith},
  journal={Flavors of geometry},
  volume={31},
  pages={1--58},
  year={1997}
}

@book{boyd2004convex,
  title={Convex optimization},
  author={Boyd, Stephen and Vandenberghe, Lieven},
  year={2004},
  publisher={Cambridge university press}
}

@article{stephen2011distributed,
  title={Distributed optimization and statistical learning via the alternating direction method of multipliers},
  author={Stephen, Boyd and Neal, Parikh and Eric, Chu and Borja, Peleato and Jonathan, Eckstein},
  journal={Found. Trends Mach. Learn},
  volume={3},
  number={1},
  pages={1--122},
  year={2011}
}

@article{donoho1995noising,
  title={De-noising by soft-thresholding},
  author={Donoho, David L},
  journal={Information Theory, IEEE Transactions on},
  volume={41},
  number={3},
  pages={613--627},
  year={1995},
  publisher={IEEE}
}

@inproceedings{chua2009nus,
  title={NUS-WIDE: a real-world web image database from National University of Singapore},
  author={Chua, Tat-Seng and Tang, Jinhui and Hong, Richang and Li, Haojie and Luo, Zhiping and Zheng, Yantao},
  booktitle={Proceedings of the ACM international conference on image and video retrieval},
  pages={48},
  year={2009},
  organization={ACM}
}

@inproceedings{jacob2009group,
  title={Group lasso with overlap and graph lasso},
  author={Jacob, Laurent and Obozinski, Guillaume and Vert, Jean-Philippe},
  booktitle={Proceedings of the 26th annual international conference on machine learning},
  pages={433--440},
  year={2009},
  organization={ACM}
}

@article{vidal2010tutorial,
  title={A tutorial on subspace clustering},
  author={Vidal, Ren{\'e}},
  journal={IEEE Signal Processing Magazine},
  volume={28},
  number={2},
  pages={52--68},
  year={2010},
  publisher={Citeseer}
}

@article{soltanolkotabi2014robust,
  title={Robust subspace clustering},
  author={Soltanolkotabi, Mahdi and Elhamifar, Ehsan and Candes, Emmanuel J
    and others},
  journal={The Annals of Statistics},
  volume={42},
  number={2},
  pages={669--699},
  year={2014},
  publisher={Institute of Mathematical Statistics}
}
